<?xml version="1.0" encoding="UTF-8"?><record xmlns="http://www.loc.gov/MARC21/slim" xmlns:cinclude="http://apache.org/cocoon/include/1.0" xmlns:zs="http://www.loc.gov/zing/srw/">
  <leader>00893cz  a2200157n  4500</leader>
  <controlfield tag="001">n  82093616 </controlfield>
  <controlfield tag="003">DLC</controlfield>
  <controlfield tag="005">20120808081555.0</controlfield>
  <controlfield tag="008">820917n| acannaab           |a ana      </controlfield>
  <datafield tag="010" ind1=" " ind2=" ">
    <subfield code="a">n  82093616 </subfield>
  </datafield>
  <datafield tag="040" ind1=" " ind2=" ">
    <subfield code="a">DLC</subfield>
    <subfield code="b">eng</subfield>
    <subfield code="c">DLC</subfield>
    <subfield code="d">DLC</subfield>
  </datafield>
  <datafield tag="111" ind1="2" ind2=" ">
    <subfield code="a">Conferencia Intergubernamental para el Establecimiento de una Zona de Libre Comercio entre Países de América Latina</subfield>
    <subfield code="d">(1959-1960 :</subfield>
    <subfield code="c">Montevideo, Uruguay)</subfield>
  </datafield>
  <datafield tag="411" ind1="2" ind2=" ">
    <subfield code="w">nnaa</subfield>
    <subfield code="a">Conferencia Intergubernamental para el Establecimiento de una Zona de Libre Comercio entre Países de América Latina,</subfield>
    <subfield code="c">Montevideo,</subfield>
    <subfield code="d">1959-1960</subfield>
  </datafield>
  <datafield tag="411" ind1="2" ind2=" ">
    <subfield code="a">Establecimiento de una Zona de Libre Comercio entre Países de América Latina, Conferencia Intergubernamental para el</subfield>
  </datafield>
  <datafield tag="667" ind1=" " ind2=" ">
    <subfield code="a">THIS 1XX FIELD CANNOT BE USED UNDER RDA UNTIL THIS RECORD HAS BEEN REVIEWED AND/OR UPDATED</subfield>
  </datafield>
  <datafield tag="670" ind1=" " ind2=" ">
    <subfield code="a">Mexico (City). Cámara Nacional de Comercio. El Tratado de Montevideo ... 1960.</subfield>
  </datafield>
</record>